<record><leader>00000cas a2200000 a 4500</leader><controlfield tag="001">21990788</controlfield><controlfield tag="008">900711d1875188uiluwr ne      0   a0eng c</controlfield><datafield ind1=" " ind2=" " tag="010"><subfield code="a">sn 90054983 </subfield></datafield><datafield ind1=" " ind2=" " tag="040"><subfield code="a">NVF</subfield><subfield code="b">eng</subfield><subfield code="c">NVF</subfield><subfield code="d">NVF</subfield><subfield code="d">OCLCF</subfield><subfield code="d">OCLCO</subfield><subfield code="d">NVF</subfield></datafield><datafield ind1=" " ind2=" " tag="042"><subfield code="a">pcc</subfield></datafield><datafield ind1=" " ind2=" " tag="043"><subfield code="a">n-us-il</subfield></datafield><datafield ind1="0" ind2="0" tag="245"><subfield code="a">Paris weekly times.</subfield></datafield><datafield ind1=" " ind2=" " tag="260"><subfield code="a">Paris, Edgar County, Ill. :</subfield><subfield code="b">P.L. Shutt</subfield></datafield><datafield ind1=" " ind2=" " tag="300"><subfield code="a">v.</subfield></datafield><datafield ind1=" " ind2=" " tag="310"><subfield code="a">Weekly</subfield></datafield><datafield ind1="1" ind2=" " tag="362"><subfield code="a">Began in 1875?</subfield></datafield><datafield ind1=" " ind2=" " tag="588"><subfield code="a">Description based on: Vol. 4, no. 29 (Apr. 25, 1878).</subfield></datafield><datafield ind1=" " ind2=" " tag="588"><subfield code="a">Latest issue consulted: Feb. 21, 1883.</subfield></datafield><datafield ind1=" " ind2="0" tag="651"><subfield code="a">Paris (Ill.)</subfield><subfield code="v">Newspapers.</subfield></datafield><datafield ind1=" " ind2="7" tag="651"><subfield code="a">Illinois</subfield><subfield code="z">Paris.</subfield><subfield code="2">fast</subfield><subfield code="0">(OCoLC)fst01219149</subfield></datafield><datafield ind1=" " ind2="7" tag="655"><subfield code="a">Newspapers.</subfield><subfield code="2">fast</subfield><subfield code="0">(OCoLC)fst01423814</subfield></datafield><datafield ind1=" " ind2=" " tag="752"><subfield code="a">United States</subfield><subfield code="b">Illinois</subfield><subfield code="c">Edgar County</subfield><subfield code="d">Paris.</subfield></datafield><datafield ind1="0" ind2="0" tag="780"><subfield code="t">Edgar County times</subfield><subfield code="w">(DLC)sn 90054982</subfield><subfield code="w">(OCoLC)21990706</subfield></datafield><datafield ind1="0" ind2="0" tag="785"><subfield code="t">Times (Paris, Ill.)</subfield><subfield code="w">(DLC)sn 90054984</subfield><subfield code="w">(OCoLC)21990895</subfield></datafield><datafield ind1="1" ind2=" " tag="029"><subfield code="a">AU@</subfield><subfield code="b">000020596784</subfield></datafield></record>